@article{Bernardet2018,
  title={Community infrastructure for facilitating and accelerating improvement and testing of physical parameterizations},
  author={L. Bernardet},
  journal={WRF-GRAPES Modeling Workshop, Oct 17, Boulder, CO},
  url = {http://www2.mmm.ucar.edu/wrf/grapes/bernardet_2018.pdf},
  year={2018},
  }
@article{BernardetEtAl2018a,
  title={Community infrastructure for facilitating improvement and testing of physical parameterizations},
  author={L. Bernardet and G. Firl and L. Carson and J. Dudhia and D. Gill and G. Grell and M. Harrold and C. Harrop and I. Jankov and P. Jimenez and G. Ketefian and L. Nance and D. Stark and J. Wolff and L. Xue and M. Zhang},
  journal={Understanding and Modelling Atmospheric Processes / 2nd Pan-GASS (Global Atmospheric System Studies) meeting, Lorne, Victoria, Australia, Feb 26},
  url={https://drive.google.com/drive/folders/1XYFI08wBUxTyiLkNqn5H3PcXSUgpxWqF},
  year={2018},
  }
@article{BengtssonEtAl2020,
  title={A Stochastic Parameterization of Organized Tropical Convection Using Cellular Automata for Global Forecasts in NOAA's Unified Forecast System},
  author={L. Bengtsson and J. Dias and S. Tulich and M. Gehne and J. Bao},
  journal={Journal of Advances in Modeling Earth Systems},
  url={https://agupubs.onlinelibrary.wiley.com/doi/full/10.1029/2020MS002260},
  year={2020},
}
